@misc{schell2020kunst,
  address = {Frechen},
  author = {Schell, Jesse},
  edition = {3. Auflage},
  hdsurl = {https://hds.hebis.de/hlbfu/Record/HEB471063657},
  isbn = {9783747502075},
  keywords = {},
  title = {Die Kunst des Game Designs : bessere Games konzipieren und entwickeln},
  uniqueid = {HEB471063657},
  url = {https://d-nb.info/1214658989/04},
  year = 2020
}
